@book{espdatasheet,
  title={ESP32-C3 Series Datasheet},
  author={Espressif Systems},
  year={2023},
  publisher={Espressif Systems}
}

@book{esptechnical,
  title={ESP32-C3 Technical Reference Manual},
  author={Espressif Systems},
  year={2023},
  publisher={Espressif Systems}
}

@misc{eink-products,
  author = {E-Ink},
  title = {E-Ink: Multiple Applications},
  url = {https://www.eink.com/application},
  urldate = {2023-11-26}
}

@misc{eink-company,
  author = {Berners-Lee, Tim},
  title = {E- Ink}, 
  url ={https://www.eink.com/about},
  urldate = {2023-11-26}
}

@misc{seekink-custom,
  title = {A Leading Customized E-Ink Display Manufacturer},
  author = {Seekink},
  url = {https://www.seekink.com/about-us},
  urldate = {2024-01-14}
}

@misc{seekink-techdailyweb,
  title = {Beyond Ink and Pixels: Seekinkâ€™s Pioneering E-Paper Display Solutions},
  author = {Alina},
  publisher = {Techdailyweb.com},
  url = {https://techdailyweb.com/beyond-ink-and-pixels-seekinks-pioneering-e-paper-display-solutions/},
  urldate = {2024-01-14}
}

@misc{inkcase,
  title = {InkCase},
  author = {InkCase},
  url = {https://inkcase.com},
  urldate = {2024-01-14}
}

@misc{pvsdp,
  title = {Pervasive Displays - Putting quality first in e-paper display design & manufacture},
  author = {Alchin Wang},
  url = {https://www.epdtonthenet.net/article/183797/Putting-quality-first-in-e-paper-display-design-manufacture.aspx},
  urldate = {2021-01-03}
}

@misc{nextjs,
  title = {Next.js by Vercel - The React Framework},
  author = {NextJS},
  url = {https://nextjs.org/},
  urldate = {2021-01-03}
}

@misc{nextjs-1,
  title = {Next.js vs. React: Guide to Framework Selection},
  author = {Avani Trivedi},
  url = {https://dzone.com/articles/nextjs-vs-react-the-ultimate-guide-to-choosing-the},
  urldate = {2023-08-22}
}


@misc{nextjs-2,
  title = {Why Choose Next.js - Top 5 Performance Benefits},
  author = {Tharaka Romesh},
  url = {https://cult.honeypot.io/reads/top-nextjs-performance-benefits/},
  urldate = {2023-08-22}
}

@misc{tailwind36,
  title = {CSS-in-JS to Tailwind: 36\% better web vitals},
  author = {Sophia Willows},
  url = {https://sophiabits.com/blog/css-in-js-to-tailwind-better-web-vitals},
  urldate = {2023-02-12}
}

@misc{tailwind,
  title = {Tailwind CSS: A Utility-First Framework for Faster Development},
  author = {Float UI Blog},
  url = {https://floatui.com/blog/tailwind-css-a-utility-first-framework-for-faster-development},
  urldate = {2023-10-29}
}

@misc{tailwind-1,
  title = {Optimizing for Production},
  author = {Tailwind CSS},
  url = {https://tailwindcss.com/docs/optimizing-for-production},
  urldate = {2024-01-04}
}

@misc{ynvisible,
  title = {What is E-Paper Display Technology & How Does It Work?},
  author = {Ynvisible},
  url = {https://www.ynvisible.com/news-inspiration/what-is-e-paper},
  urldate = {2024-01-04}
}

@misc{platformio,
  title = {PlatformIO - open source ecosystem for IoT development},
  author = {Quintagroup},
  url = {https://quintagroup.com/cms/python/platformio},
  urldate = {2024-01-04}
}

@misc{cloudflare,
  title = {What is Cloudflare?},
  author = {Cloudflare},
  url = {https://www.cloudflare.com/learning/what-is-cloudflare/},
  urldate = {2024-01-04}
}

@misc{lighthouse,
  title = {Overview | Lighthouse},
  author = {Chrome for Developers},
  url = {https://developer.chrome.com/docs/lighthouse/overview},
  urldate = {2016-09-27}
}